[gd_scene load_steps=11 format=2]

[ext_resource path="res://Sons/Music/The_Goonies_NES.mp3" type="AudioStream" id=1]
[ext_resource path="res://Imagens/cenario3.png" type="Texture" id=2]
[ext_resource path="res://Cenas/Helicoptero.tscn" type="PackedScene" id=3]
[ext_resource path="res://Scripts/Mapa/Mapa.gd" type="Script" id=4]
[ext_resource path="res://Scripts/Mapa/ColisaoIF.gd" type="Script" id=5]
[ext_resource path="res://Cenas/InterfaceJogo.tscn" type="PackedScene" id=6]
[ext_resource path="res://Cenas/SpawnAlunos.tscn" type="PackedScene" id=7]

[sub_resource type="RectangleShape2D" id=5]
extents = Vector2( 1295.5, 1144 )

[sub_resource type="Animation" id=3]
resource_name = "AniZoomBaseIFMG"
tracks/0/type = "value"
tracks/0/path = NodePath(".:zoom")
tracks/0/interp = 1
tracks/0/loop_wrap = true
tracks/0/imported = false
tracks/0/enabled = true
tracks/0/keys = {
"times": PoolRealArray( 0, 1 ),
"transitions": PoolRealArray( 1, 1 ),
"update": 0,
"values": [ Vector2( 1, 1 ), Vector2( 0.6, 0.6 ) ]
}

[sub_resource type="Animation" id=4]
length = 0.001
tracks/0/type = "value"
tracks/0/path = NodePath(".:zoom")
tracks/0/interp = 1
tracks/0/loop_wrap = true
tracks/0/imported = false
tracks/0/enabled = true
tracks/0/keys = {
"times": PoolRealArray( 0 ),
"transitions": PoolRealArray( 1 ),
"update": 0,
"values": [ Vector2( 1, 1 ) ]
}

[node name="Mapa" type="Node2D"]
script = ExtResource( 4 )

[node name="VisaoAereaIFMG" type="Sprite" parent="."]
position = Vector2( 1292, 1139 )
texture = ExtResource( 2 )

[node name="SpawnAlunos" parent="." instance=ExtResource( 7 )]
position = Vector2( -254, 103 )
scale = Vector2( 1.00348, 1.00483 )

[node name="AreaParaSpawn" type="Area2D" parent="."]

[node name="CollisionShape2D" type="CollisionShape2D" parent="AreaParaSpawn"]
visible = false
position = Vector2( 1295, 1160 )
shape = SubResource( 5 )

[node name="Helicoptero" parent="." instance=ExtResource( 3 )]
position = Vector2( 1332, 1327 )

[node name="Camera2D" type="Camera2D" parent="Helicoptero"]
current = true
limit_left = 0
limit_top = 0
limit_right = 2583
limit_bottom = 2277
limit_smoothed = true
drag_margin_h_enabled = true
drag_margin_v_enabled = true
smoothing_enabled = true
editor_draw_limits = true

[node name="AnimationPlayer" type="AnimationPlayer" parent="Helicoptero/Camera2D"]
anims/AniZoomBaseIFMG = SubResource( 3 )
anims/RESET = SubResource( 4 )

[node name="MusicPlayer" type="AudioStreamPlayer" parent="."]
stream = ExtResource( 1 )
volume_db = -5.0
bus = "Music"

[node name="CanvasLayer" type="CanvasLayer" parent="."]

[node name="InterfaceJogo" parent="CanvasLayer" instance=ExtResource( 6 )]

[node name="AreaIFMG" type="Area2D" parent="."]
position = Vector2( 1264, 943 )
script = ExtResource( 5 )

[node name="CollisionPolygon2D" type="CollisionPolygon2D" parent="AreaIFMG"]
position = Vector2( -1, 5 )
polygon = PoolVector2Array( -191, -23, -37, -107, 23, -58, 76, -110, 183, 10, 73, 99, 89, 118, 54, 145, 38, 124, -28, 179, -103, 93 )

[node name="Timer" type="Timer" parent="."]
wait_time = 600.0
one_shot = true
autostart = true

[connection signal="body_entered" from="AreaIFMG" to="CanvasLayer/InterfaceJogo" method="_on_AreaIFMG_body_entered"]
[connection signal="body_entered" from="AreaIFMG" to="AreaIFMG" method="_on_Area2D_body_entered"]
[connection signal="body_exited" from="AreaIFMG" to="CanvasLayer/InterfaceJogo" method="_on_AreaIFMG_body_exited"]
[connection signal="body_exited" from="AreaIFMG" to="AreaIFMG" method="_on_Area2D_body_exited"]
[connection signal="body_shape_entered" from="AreaIFMG" to="Helicoptero" method="_on_Area2D_body_shape_entered"]
[connection signal="body_shape_exited" from="AreaIFMG" to="Helicoptero" method="_on_Area2D_body_shape_exited"]
